<?xml version="1.0" encoding="UTF-8"?><collection xmlns="http://www.loc.gov/MARC21/slim"><record><leader>00419nam--2200133-i-4500</leader><controlfield tag="001">000004157</controlfield><controlfield tag="002">20161230</controlfield><controlfield tag="005">20161230201025</controlfield><controlfield tag="008">060222s1000------------r-----000-0-eng-d</controlfield><datafield ind1=" " ind2=" " tag="100"><subfield code="a">Arnold, Kurt</subfield></datafield><datafield ind1=" " ind2=" " tag="245"><subfield code="a">Das minimumprinzip fur die geoidondulationen bei der bearbeitung astronomischgeodatisceher netze</subfield></datafield><datafield ind1=" " ind2=" " tag="260"><subfield code="a">Berlin, Akademie-verlag, 1955 17 P</subfield></datafield><datafield ind1=" " ind2=" " tag="490"><subfield code="a">Deutsche Akademie Geodatitsche Institut</subfield></datafield><datafield ind1=" " ind2=" " tag="852"><subfield code="a">4258</subfield></datafield></record></collection>